<?xml version="1.0" encoding="UTF-8"?><collection xmlns="http://www.loc.gov/MARC21/slim"><record><leader>00480nam--2200193-u-4500</leader><controlfield tag="001">000055846</controlfield><controlfield tag="002">20161230</controlfield><controlfield tag="005">20161230201052</controlfield><controlfield tag="008">130808s1000------------r-----000-0-rus-d</controlfield><datafield ind1=" " ind2=" " tag="040"><subfield code="a">IFIN-HH</subfield></datafield><datafield ind1=" " ind2=" " tag="041"><subfield code="a">rus</subfield></datafield><datafield ind1=" " ind2=" " tag="080"><subfield code="a">519.3</subfield></datafield><datafield ind1="1" ind2=" " tag="100"><subfield code="a">Krasnov, M.L</subfield></datafield><datafield ind1="1" ind2="0" tag="245"><subfield code="a">Variationnoe iscislenie</subfield><subfield code="c">M.l. krasnov, g.i. makarenko, a.i. kiselev</subfield></datafield><datafield ind1=" " ind2=" " tag="260"><subfield code="a">Moskva</subfield><subfield code="b">Nauka</subfield><subfield code="c">1973</subfield></datafield><datafield ind1=" " ind2=" " tag="300"><subfield code="a">190P</subfield></datafield><datafield ind1="1" ind2=" " tag="700"><subfield code="a">Kislev, A.I</subfield></datafield><datafield ind1=" " ind2=" " tag="852"><subfield code="a">40898</subfield><subfield code="c">519.3</subfield></datafield><datafield ind1=" " ind2=" " tag="CAT"><subfield code="a">Sys</subfield><subfield code="c">20130808</subfield><subfield code="h">162321</subfield></datafield></record></collection>